
@manual{natbib:7.1,
author = "Patrick W. Daly",
title  = "Natural Sciences Citations and References 
          (Author-Year and Numerical Schemes)",
year   = 2003,
note   = "Version 7.1"
}


@book{latex,
author = "Leslie Lamport",
title  = "\LaTeX: a document preparation system",
publisher = "Addison-Wesley Publ.\ Co., Reading",
year = 1994,
edition = "2nd"
}

@book{latexcompanion,
author = "Michel Goossens and Frank Mittelbach and Alexsander Samarin",
title  = "The \LaTeX\ Companion",
publisher = "Addison-Wesley Publ.\ Co., Reading",
year = 1994,

}


@Article{host02,
  author = 	 {G. Høst and E. Berg and T. Schweder and S. Tjelmeland},
  title = 	 {A Gamma/Dirichlet Model for Estimating Uncertainty in 
                  Age-Specific Abundance of 
                  Norwegian Spring Spawning Herring},
  journal = 	 {ICES Journal of Marine Science},
  year = 	 {2002},
  OPTkey = 	 {},
  volume = 	 {59},
  number = 	 {4},
  pages = 	 {737--748},
  OPTmonth = 	 {},
  OPTnote = 	 {},
  OPTannote = 	 {}
}

@TechReport{higdon01,
  author = 	 {D. Higdon},
  title = 	 {Space and Space-Time Modeling Using Process Convolutions},
  institution =  {Duke University, Institute of Statistics \& 
                  Decision Sciences},
  year = 	 {2001},
  OPTkey = 	 {},
  OPTtype = 	 {},
  OPTnumber = 	 {},
  OPTaddress = 	 {},
  OPTmonth = 	 {},
  OPTnote = 	 {},
  OPTannote = 	 {}
}
}

@Book{barlow75,
  author = 	 {R. E. Barlow and F. Proschan},
  ALTeditor = 	 {},
  title = 	 {{Statistical Theory of Reliability and Life Testing. 
                  Probability Models}},
  publisher = 	 {Holt, Rinehart and Winston, N.Y.},
  year = 	 {1975},
  OPTkey = 	 {},
  OPTvolume = 	 {},
  OPTnumber = 	 {},
  OPTseries = 	 {},
  OPTaddress = 	 {},
  OPTedition = 	 {},
  OPTmonth = 	 {},
  OPTnote = 	 {},
  OPTannote = 	 {}
}

@Article{smith92,
  author = 	 {A. F. M. Smith and A. E. Gelfand},
  title = 	 {{Bayesian Statistics Without Tears: 
                   A sampling-Resampling Perspective}},
  journal = 	 {The American Statistican},
  year = 	 {1992},
  OPTkey = 	 {},
  volume = 	 {46},
  number = 	 {2},
  pages = 	 {84--88},
  OPTmonth = 	 {},
  OPTnote = 	 {},
  OPTannote = 	 {}
}

@Book{mardia79,
  author = 	 {K. V. Mardia and J. T. Kent and J. M. Bibby},
  ALTeditor = 	 {},
  title = 	 {{Multivariate Analysis}},
  publisher = 	 {Academic Press},
  year = 	 {1979},
  OPTkey = 	 {},
  OPTvolume = 	 {},
  OPTnumber = 	 {},
  OPTseries = 	 {},
  OPTaddress = 	 {},
  OPTedition = 	 {},
  OPTmonth = 	 {},
  OPTnote = 	 {},
  OPTannote = 	 {}
}

